<?xml version="1.0" encoding="UTF-8"?><collection xmlns="http://www.loc.gov/MARC21/slim"><record><leader>00360nam--2200121-i-4500</leader><controlfield tag="001">000030542</controlfield><controlfield tag="002">20161230</controlfield><controlfield tag="005">20161230201038</controlfield><controlfield tag="008">060222s1000------------r-----000-0-eng-d</controlfield><datafield ind1=" " ind2=" " tag="080"><subfield code="a">017</subfield></datafield><datafield ind1=" " ind2=" " tag="245"><subfield code="a">Lista de informes publicados por la comision nacional de energia atomica</subfield></datafield><datafield ind1=" " ind2=" " tag="260"><subfield code="a">Buenos Aires, Comision Nacional De Energia Atomica, 1967. /F.P.</subfield></datafield><datafield ind1=" " ind2=" " tag="852"><subfield code="a">28207</subfield></datafield></record></collection>